@article{buddrus-schiemann14_analy_n_acylh_lacton_dynam,
  author =       {Katharina Buddrus-Schiemann and Martin Rieger and
                  Marlene M{\"u}hlbauer and Maria Vittoria Barbarossa
                  and Christina Kuttler and Burkhard A. Hense and
                  Michael Rothballer and Jenny Uhl and Juliano
                  R. Fonseca and Philippe Schmitt-Kopplin and Michael
                  Schmid and Anton Hartmann},
  title =        {Analysis of N-Acylhomoserine Lactone Dynamics in
                  Continuous Cultures of \textit{Pseudomonas putida} IsoF By
                  Use of {ELISA} and {UHPLC/qTOF-MS}-derived Measurements
                  and Mathematical Models},
  journal =      {Analytical and Bioanalytical Chemistry},
  volume =       {406},
  number =       {25},
  pages =        {6373-6383},
  year =         {2014},
  doi =          {10.1007/s00216-014-8063-6},
  url =          {https://doi.org/10.1007/s00216-014-8063-6},
  DATE_ADDED =   {Wed Apr 4 14:54:18 2018},
}


@article{hutchinson48_circul_causal_system_in_ecolog,
  author =       {G. Evelyn Hutchinson},
  title =        {Circular Causal Systems in Ecology},
  journal =      {Annals of the New York Academy of Sciences},
  volume =       {50},
  number =       {4 Teleological},
  pages =        {221-246},
  year =         {1948},
  doi =          {10.1111/j.1749-6632.1948.tb39854.x},
  url =          {https://doi.org/10.1111/j.1749-6632.1948.tb39854.x},
  DATE_ADDED =   {Wed Apr 4 22:42:18 2018},
}

@Book{Bellen_2003,
  author       = {Bellen, Alfredo and Zennaro, Marino},
  title        = {Numerical Methods for Delay Differential Equations},
  year         = 2003,
  month        = {Mar},
  doi          = {10.1093/acprof:oso/9780198506546.001.0001},
  url          = {http://dx.doi.org/10.1093/acprof:oso/9780198506546.001.0001},
  isbn         = 9780198506546,
  publisher    = {Oxford University Press}
}

@article{glass10_mackey_glass_equat,
  author =       {Leon Glass and Michael Mackey},
  title =        {Mackey-Glass Equation},
  journal =      {Scholarpedia},
  volume =       {5},
  number =       {3},
  pages =        {6908},
  year =         {2010},
  doi =          {10.4249/scholarpedia.6908},
  url =          {https://doi.org/10.4249/scholarpedia.6908},
  DATE_ADDED =   {Thu Apr 5 13:20:28 2018},
}


@article{mackey77_oscil_chaos_physiol_contr_system,
  author =       {Michael Mackey and Leon Glass},
  title =        {Oscillation and Chaos in Physiological Control
                  Systems},
  journal =      {Science},
  volume =       {197},
  number =       {4300},
  pages =        {287-289},
  year =         {1977},
  doi =          {10.1126/science.267326},
  url =          {https://doi.org/10.1126/science.267326},
  DATE_ADDED =   {Thu Apr 5 13:31:53 2018},
}

@article{waltman1978,
  author = {Waltman, Paul},
  title = {A threshold model of antigen-stimulated antibody production},
  journal = {Theoretical Immunology},
  series = 8,
  pages = {437--453},
  year = 1978
}
